@article{appice2020multi,
  title={A multi-stage machine learning approach to predict dengue incidence: a case study in Mexico},
  author={Appice, Annalisa and Gel, Yulia R and Iliev, Iliyan and Lyubchich, Vyacheslav and Malerba, Donato},
  journal={Ieee Access},
  volume={8},
  pages={52713--52725},
  year={2020},
  publisher={IEEE}
}
@book{forsyth2011computer,
  title={Computer vision: A modern approach.},
  author={Forsyth, David and Ponce, Jean},
  year={2011},
  publisher={Prentice hall}
}
@article{callaway2002home,
  title={Home networking with IEEE 802.15. 4: a developing standard for low-rate wireless personal area networks},
  author={Callaway, Ed and Gorday, Paul and Hester, Lance and Gutierrez, Jose A and Naeve, Marco and Heile, Bob and Bahl, Venkat},
  journal={IEEE Communications magazine},
  volume={40},
  number={8},
  pages={70--77},
  year={2002},
  publisher={IEEE}
}
@article{kumar2005parallel,
  title={Parallel and distributed computing for cybersecurity},
  author={Kumar, Vipin},
  journal={IEEE Distributed Systems Online},
  volume={6},
  number={10},
  year={2005},
  publisher={IEEE}
}
@inproceedings{roopak2019deep,
  title={Deep learning models for cyber security in IoT networks},
  author={Roopak, Monika and Tian, Gui Yun and Chambers, Jonathon},
  booktitle={2019 IEEE 9th annual computing and communication workshop and conference (CCWC)},
  pages={0452--0457},
  year={2019},
  organization={IEEE}
}